<record><leader>00000cas a22000007a 4500</leader><controlfield tag="001">35232549</controlfield><controlfield tag="008">960813c19939999txuwr ne      0    0eng d</controlfield><datafield ind1=" " ind2=" " tag="010"><subfield code="a">sn 96092507 </subfield></datafield><datafield ind1=" " ind2=" " tag="040"><subfield code="a">PPM</subfield><subfield code="b">eng</subfield><subfield code="c">PPM</subfield><subfield code="d">OCLCQ</subfield></datafield><datafield ind1=" " ind2=" " tag="042"><subfield code="a">msc</subfield></datafield><datafield ind1="0" ind2=" " tag="130"><subfield code="a">Examiner (Navasota, Tex.)</subfield></datafield><datafield ind1="1" ind2="4" tag="245"><subfield code="a">The examiner.</subfield></datafield><datafield ind1="1" ind2="7" tag="246"><subfield code="a">Navasota examiner and Grimes County review</subfield></datafield><datafield ind1=" " ind2=" " tag="260"><subfield code="a">[Navasota, Tex.] :</subfield><subfield code="b">Whitten &amp; Son</subfield></datafield><datafield ind1=" " ind2=" " tag="300"><subfield code="a">v.</subfield></datafield><datafield ind1=" " ind2=" " tag="310"><subfield code="a">Weekly</subfield></datafield><datafield ind1="0" ind2=" " tag="362"><subfield code="a">Vo. 99, no. 17 (Nov. 25, 1993)-</subfield></datafield><datafield ind1=" " ind2=" " tag="752"><subfield code="a">United States</subfield><subfield code="b">Texas</subfield><subfield code="c">Grimes</subfield><subfield code="d">Navasota.</subfield></datafield><datafield ind1="0" ind2="0" tag="780"><subfield code="t">Navasota examiner and Grimes County review</subfield><subfield code="w">(DLC)sn 86090102</subfield></datafield></record>